2758 4740
273 287 696 364 ttnnnnxvn.
748 285 964 366 cmxli.
1033 348 1037 358 .
1105 289 1184 394 549

74 533 205 580 casnm
236 483 599 613 nniversae'pugnae
629 536 707 584 non
736 511 975 584 neeellarium
999 511 1173 590 ducebat.

73 651 218 708 tractus
248 653 305 708 est
325 647 449 745 tumqu
475 637 524 710 ad
550 635 612 726 id,
644 635 748 736 quod
766 635 930 724 vitabat,
969 654 1170 713 certamen.

73 760 197 832 Noeta
226 783 484 860 praegressum
511 759 725 860 adsequitur
751 760 846 834 loeis
874 757 1074 860 planis'ae
1098 789 1171 870 qra-
1189 789 1235 836 ιο
1284 837 1286 863 Ι

72 883 239 956 tentibus
260 883 468 960 Marcellus.
495 883 618 960 eastra'
635 883 722 958 iuda
747 903 972 986 ponentem,
1000 893 1179 988 pugnam

74 1007 123 1080 do
149 1008 317 1107 undique
338 1008 376 1080 in
399 1009 625 1100 munitores,
673 1010 850 1110 operibus
876 1009 1063 1112 prohibet.
1114 1017 1171 1086 lta

73 1131 180 1230 signu
203 1131 376 1224 conlata,
402 1153 681 1236 pugnatumque
699 1134 789 1206 totis
810 1135 950 1236 inpiis:
978 1153 1027 1223 et,
1054 1161 1169 1236 quum

72 1259 147 1355 jam
168 1283 243 1329 uox
267 1257 436 1346 inllarat,
470 1263 588 1334 Marta
613 1285 735 1358 aequo
762 1243 967 1333 nicasium
990 1277 1056 1334 ast.
1104 1287 1168 1335 aa·

71 1379 167 1468 lira,
205 1381 336 1479 exiguo
370 1381 541 1458 distantia
573 1385 716 1485 spatio,
752 1383 887 1484 raptim
908 1403 993 1458 anta
1015 1403 1166 1459 noctem

70 1504 291 1604 permunita.
344 1507 494 1582 Postero
532 1507 593 1580 die
622 1507 706 1580 luce
741 1505 861 1606 prima
887 1508 1087 1583 Marcellus
1125 1511 1164 1583 iu
1182 1536 1223 1580 ιι

71 1630 191 1701 aciem
212 1629 341 1730 copias
366 1633 501 1706 eduxit.
527 1657 607 1740 'neo
629 1631 817 1705 Hannibal
840 1634 1062 1706 detrectarit
1084 1659 1165 1708 car·

67 1771 215 1845 umen,
251 1755 375 1830 multis
407 1755 529 1830 verbis
556 1756 774 1866 adhortatus
801 1756 961 1846 milites,
997 1775 1057 1848 ut,
1094 1783 1164 1832 me-

12 1913 14 1918 ·
69 1903 178 1954 mores
206 1881 395 1956 Trasimeni
416 1881 676 1983 Cannarumque
687 1935 700 1972 ,
739 1880 981 1958 contunderent
991 1879 1164 1978 ftrocium

69 2001 177 2100 bustis.
209 2029 353 2110 urguere
373 2025 474 2104 utque
496 2007 619 2105 inflare
642 2033 727 2082 eum.
753 2030 820 2082 non
841 2005 908 2080 iter
923 2007 1047 2106 quietos
1062 2005 1161 2103 fucr-
1179 2035 1226 2084 ru

68 2149 127 2218 re,
152 2145 233 2202 non
255 2126 366 2224 cqllra
384 2147 507 2230 ponere
524 2131 623 2233 pati,
654 2157 722 2206 non
748 2131 914 2232 respirare
933 2147 994 2202 nut
1016 2133 1162 2206 circum·
1189 2223 1192 2228 ¹

66 2253 198 2352 spicere.
237 2250 381 2354 quotidie
405 2237 506 2332 simul
533 2257 694 2331 orientem
724 2251 824 2330 solem
855 2270 888 2327 et
909 2253 1100 2328 Ronlanum
1120 2281 1159 2329 a·

65 2378 147 2452 ciem
173 2379 211 2452 in
242 2381 366 2480 campis
384 2376 561 2454 uidendum
588 2375 655 2476 effe.
705 2379 745 2453 Si
766 2399 831 2452 uno
849 2375 975 2476 proelio
995 2371 1221 2486 laudm-13

64 2522 223 2579 cruentur
240 2503 361 2597 abeat,
388 2507 529 2606 quietius
550 2502 665 2582 deinde
687 2500 969 2602 tranquilliusque
988 2527 1062 2576 eum
1087 2499 1156 2577 lel-

63 2731 123 2794 eu,
141 2727 253 2796 Loul-
270 2739 300 2784 et
316 2730 438 2784 Hearnii
452 2733 489 2786 D.
506 2729 596 2785 Male.
632 2731 675 2784 nit
692 2729 775 2784 Flor.
790 2727 861 2783 [nv.
878 2749 903 2785 r·
919 2726 946 2784 3.
961 2737 990 2780 et
1003 2727 1072 2781 Ber.
1091 2744 1158 2784 ιιιι.

63 2799 101 2852 V.
122 2795 160 2850 ad
178 2802 223 2867 4ο,
247 2800 289 2858 ²5.
312 2816 354 2853 ιο.
383 2801 427 2854 Da
444 2799 596 2855 locatione
633 2797 1160 2866 a.V.uelatum.decertanirGaer-tn.

62 2868 171 2920 educere
195 2871 223 2919 r'u
246 2871 327 2920 acleus
352 2885 379 2924 v.
403 2867 439 2922 uel
456 2869 483 2931 a,
501 2871 547 2931 ⁶2,
569 2869 595 2923 ὅ.
630 2866 1161 2922 Blrevertrseruulrtaninumr.
1238 2908 1240 2916 .

61 2933 227 3008 Sequentia
253 2947 349 2990 nutem
372 2939 516 2992 Hannibal
535 2949 596 2991 tur·

60 3005 160 3056 uterini
185 3013 242 3058 ele.
266 3007 370 3059 uitabat
387 3019 518 3059 eerteureu
535 3023 596 3059 non
665 3002 689 3073 §.
711 3022 753 3058 rr.
783 3005 840 3057 Neu
862 3004 952 3067 cestra
972 3017 1066 3072 prum
1077 3005 1159 3072 peti]

59 3071 209 3156 eriperent
222 3072 251 3126 in
261 3073 384 3130 Hearnii
394 3077 431 3129 Ι).
439 3073 595 3148 neglegent·
630 3073 715 3126 Hune
732 3073 828 3127 losum
840 3069 972 3152 mutilum
988 3070 1027 3122 ita
1040 3071 1161 3196 suqqle·

59 3141 252 3199 trauerrbee.
630 3143 727 3194 vienus
748 3151 777 3194 et
800 3138 1002 3192 ordinavimus
1024 3154 1057 3193 ex
1091 3141 1159 3192 ire

406 3271 411 3278 ,
630 3208 758 3262 uetulloz
784 3227 836 3259 unu
859 3209 913 3259 iter
933 3209 1036 3275 quieter
1050 3210 1159 3274 fucere,

97 3283 122 3342 9.
150 3295 192 3332 ιο.
222 3275 305 3330 Noetu
328 3293 517 3348 praegressum
537 3294 594 3331 euru
630 3276 1160 3346 eufiruuoupouureperi.RHEN.0m·
1186 3305 1192 3312 -

58 3347 232 3417 adsequitur]
250 3345 417 3400 Pronomen
431 3362 489 3399 eum
505 3361 594 3416 quum
629 3345 678 3398 nie
694 3345 766 3398 haee
779 3347 890 3398 neuim
902 3343 1160 3410 quletursucererle·

60 3433 126 3468 ιιοιι
144 3416 182 3467 ult
199 3415 229 3466 in
247 3411 350 3468 codiee
369 3413 500 3488 scripto,
520 3422 548 3466 et
565 3429 593 3466 e·
629 3412 799 3468 uiderentur
819 3412 849 3464 in
867 3410 939 3465 Pell.
961 3411 1077 3473 tribue,
1102 3427 1160 3465 nee
1230 3471 1233 3482 .

58 3483 210 3556 leguntius
220 3481 424 3550 subaudiatur,
443 3482 594 3536 submovi·
628 3499 686 3536 non
709 3482 806 3553 prisce
822 3479 869 3533 ed.
884 3481 966 3534 Tert.
983 3489 1078 3534 eutem
1094 3481 1157 3534 Pal.
1175 3523 1184 3536 .

57 3569 137 3606 mue.
154 3551 411 3606 naturantis.
430 3550 594 3620 Neerepruu·
628 3553 716 3620 uigere
736 3564 817 3619 etque
839 3551 932 3614 inflare
953 3566 1029 3614 euur,
1067 3551 1162 3614 castrt

56 3635 181 3692 gressum
190 3623 417 3692 munerequitur.
434 3619 508 3675 SIG.
520 3621 593 3672 Pro·
628 3637 678 3672 uon
693 3635 788 3689 qaum
821 3621 873 3672 uti.
893 3615 1007 3670 GEBH.
1027 3616 1127 3670 Verba
1141 3633 1159 3670 ι

55 3705 171 3742 nomeu
197 3690 338 3760 ignorant
361 3688 443 3742 Flor.
462 3699 491 3742 et
507 3687 591 3742 Cant.
628 3686 771 3741 liberans
797 3695 907 3739 ineerta
929 3684 959 3737 in
978 3685 1062 3739 nulle
1077 3701 1158 3740 men·

56 3758 93 3811 ln
104 3756 225 3830 optimis
234 3757 294 3812 ιιιίι
303 3755 499 3818 atlumdeaffe.
521 3758 591 3810 Cre·
628 3773 693 3810 rum
713 3752 800 3810 codd.
821 3755 937 3808 callent.

55 3826 275 3882 vientellatur.
293 3825 591 3900 DenuolgltureJeui.

658 3890 682 3958 ς.
707 3892 747 3948 ιδ.
770 3889 896 3958 (iniurius
912 3889 1004 3943 deiude
1018 3901 1082 3943 eruu
1102 3889 1158 3942 ull.

90 3961 502 4034 §.arfflufiererlieluerqriuru
516 3963 590 4014 Mer.
624 3962 735 4028 liusque
755 3977 811 4014 euru
838 3959 1020 4018 bellaturum]
1049 3957 1088 4010 1²2
1103 3993 1111 4009 .
1128 3973 1155 4012 a.

51 4035 142 4088 eellue
158 4035 186 4084 iu
207 4033 294 4088 uciuue
309 4035 400 4102 euplus
412 4033 522 4090 eduen]
541 4031 590 4083 Pe·
624 4029 862 4098 tranquilliusque
873 4029 1045 4091 tertiemus,
1059 4023 1156 4078 exelu-

50 4117 125 4156 rtera
142 4103 186 4154 tiu
200 4103 278 4156 lter.
296 4099 376 4153 Vari
388 4119 410 4162 ι,
421 4119 463 4166 ιι,
476 4117 497 4150 ι.
515 4099 589 4152 Τιιιιι
625 4097 697 4150 elenu
711 4093 747 4148 τὸ
756 4113 824 4152 urea.
845 4095 1156 4160 (immutaremur

49 4165 141 4226 uticii
155 4173 227 4228 Ber.
243 4185 261 4224 a
277 4185 316 4226 n·
330 4191 354 4228 ι.
374 4169 444 4228 Mox
457 4169 588 4222 remeru.
624 4167 718 4222 deinde
727 4163 959 4236 tranquilliusque
969 4163 1071 4216 Lern.
1082 4165 1157 4232 quie·
